% $Id$

@unpublished{DevBoard,
	author = {STMicroelectronics},
	title = {{UM1879
	 User manual
	 Discovery kit with STM32L476VG MCU}},
	OPTnote = {\url{https://www.st.com}},
	month = May,
	year = 2017,
}

@unpublished{VL53L1X,
	author = {STMicroelectronics},
	title = {{VL53L1X 
	Datasheet}},
	OPTnote = {\url{https://www.st.com}},
	month = November,
	year = 2018,
}

@unpublished{CS43L22,
	author = {CirrusLogic},
	title = {{CS43L22 
	Datasheet}},
	OPTnote = {\url{https://www.cirrus.com}},
	month = March,
	year = 2010,
}

@unpublished{MCU,
	author = {STMicroelectronics},
	title = {{STM32L476xx 
	Datasheet}},
	OPTnote = {\url{https://www.st.com}},
	month = May,
	year = 2018,
}

@unpublished{AN3126,
	author = {STMicroelectronics},
	title = {{AN3126
	Application note
	Audio and waveform generation using the DAC in STM32 microcontrollers}},
	OPTnote = {\url{https://www.st.com}},
	month = May,
	year = 2017,
}




















